@book{yaser2012learning,
  title={Learning from Data: A Short Course},
  author={Yaser S. Abu-Mostafa and Magdon-Ismail, M. and Lin, H.T.},
  isbn={9781600490064},
  url={http://amlbook.com},
  year={2012},
  publisher={AMLBook.com}
}